%! Author = R2D2 Team 3
%! Date = 16/04/2020

@inproceedings{werner2014automatic,
    title = {Automatic pain recognition from video and biomedical signals},
    author = {Werner, Philipp and Al-Hamadi, Ayoub and Niese, Robert and Walter, Steffen and Gruss, Sascha and Traue, Harald C},
    booktitle = {2014 22nd International Conference on Pattern Recognition},
    pages = {4582--4587},
    year = {2014},
    organization = {IEEE}
}



@article{prkachin1992consistency,
    title = {The consistency of facial expressions of pain: a comparison across modalities},
    author = {Prkachin, Kenneth M},
    journal = {Pain},
    volume = {51},
    number = {3},
    pages = {297--306},
    year = {1992},
    publisher = {Elsevier}
}

@inproceedings{boom2006effect,
    title = {The effect of image resolution on the performance of a face recognition system},
    author = {Boom, BJ and Beumer, GM and Spreeuwers, Luuk J and Veldhuis, Raymond NJ},
    booktitle = {2006 9th International Conference on Control, Automation, Robotics and Vision},
    pages = {1--6},
    year = {2006},
    organization = {IEEE}
}

@article{naghsh2006efficient,
    title = {An efficient algorithm for motion detection based facial expression recognition using optical flow},
    author = {Naghsh-Nilchi, Ahmad R and Roshanzamir, Mohammad},
    journal = {Proceedings of the World Academy of Science, Engineering and Technology},
    volume = {20},
    pages = {23--28},
    year = {2006}
}



@inproceedings{zainudinfacialexpression,
    author = {Zainudin, Norulzahrah and Ramli, Suzaimah and Tan Zizi, Tuan and Hasbullah, Nor and Ibrahim, Norazlin},
    year = {2015},
    month = {12},
    pages = {332-335},
    title = {Facial expression change detection algorithm using optical flow technique},
    doi = {10.1109/ICITST.2015.7412115}
}

@article{Real-time_motion_tracking_using_optical_flow_on_multiple_GPUs,
    author = {Mahmoudi, Sidi and Kierzynka, Micha≈Ç and Manneback, Pierre and Kurowski, Krzysztof},
    year = {2014},
    month = {03},
    pages = {139-150},
    title = {Real-time motion tracking using optical flow on multiple GPUs},
    volume = {62},
    journal = {Bulletin of the Polish Academy of Sciences, Technical Sciences},
    doi = {10.2478/bpasts-2014-0016}
}


@article{barronperformance,
    author = {Barron, John and Fleet, David and Beauchemin, Steven},
    year = {1994},
    month = {02},
    pages = {43-77},
    title = {Performance Of Optical Flow Techniques},
    volume = {12},
    journal = {International Journal of Computer Vision},
    doi = {10.1007/BF01420984}
}

@unpublished{cortex-ranges,
    author = {Silicon Labs},
    title = {Which ARM Cortex Core Is Right for Your Application: A, R or M?},
    year = {n.d.}
}


@misc{Readinglist,
    author = {CindyHXH},
    title = {Awesome optical flow},
    howpublished = {\url {https://github.com/CindyHXH/Awesome-Optical-Flow}},
    note = {Online; accessed 21/04/2020},
    year = {n.d.}
}

@misc{pixy_datasheet,
  author       = {Unknown},
  title        = {Pixy 2 CMUcam5 Smart Vision Sensor},
  howpublished = {\url{https://media.digikey.com/pdf/Data%20Sheets/Seeed%20Technology/102991074_Web.pdf}},
  year         = {n.d.}
  }

@misc{c270_datasheet,
  author       = {Unknown},
  title        = {HD Webcam C270},
  howpublished = {\url{http://static.highspeedbackbone.net/pdf/Logitech%20960-000694%20C270%20HD%20Webcam%20Data%20Sheet.pdf}},
  year         = {n.d.}
}

@misc{firefly_info,
  author       = {Unknown},
  title        = {Firefly DL},
  howpublished = {\url{https://www.flir.com/products/firefly-dl/}},
  year         = {n.d.}
}