%! Author = R2D2 Team 3
%! Date = 16/04/2020

@inproceedings{werner2014automatic,
    title={Automatic pain recognition from video and biomedical signals},
    author={Werner, Philipp and Al-Hamadi, Ayoub and Niese, Robert and Walter, Steffen and Gruss, Sascha and Traue, Harald C},
    booktitle={2014 22nd International Conference on Pattern Recognition},
    pages={4582--4587},
    year={2014},
    organization={IEEE}
}



@article{prkachin1992consistency,
    title={The consistency of facial expressions of pain: a comparison across modalities},
    author={Prkachin, Kenneth M},
    journal={Pain},
    volume={51},
    number={3},
    pages={297--306},
    year={1992},
    publisher={Elsevier}
}

@inproceedings{boom2006effect,
    title={The effect of image resolution on the performance of a face recognition system},
    author={Boom, BJ and Beumer, GM and Spreeuwers, Luuk J and Veldhuis, Raymond NJ},
    booktitle={2006 9th International Conference on Control, Automation, Robotics and Vision},
    pages={1--6},
    year={2006},
    organization={IEEE}
}

@article{naghsh2006efficient,
    title={An efficient algorithm for motion detection based facial expression recognition using optical flow},
    author={Naghsh-Nilchi, Ahmad R and Roshanzamir, Mohammad},
    journal={Proceedings of the World Academy of Science, Engineering and Technology},
    volume={20},
    pages={23--28},
    year={2006}
}

@article{Performance_Of_Optical_Flow_Techniques,
author = {Barron, John and Fleet, David and Beauchemin, Steven},
year = {1994},
month = {02},
pages = {43-77},
title = {Performance Of Optical Flow Techniques},
volume = {12},
journal = {International Journal of Computer Vision},
doi = {10.1007/BF01420984}
}

@article{An_Efficient_Algorithm_for_Motion_Detection_Based_Facial_Expression_Recognition_using_Optical_Flow,
author = {Naghsh-Nilchi, Ahmad and Roshanzamir, Mohammad},
year = {2006},
month = {01},
pages = {},
title = {An Efficient Algorithm for Motion Detection Based Facial Expression Recognition using Optical Flow},
volume = {2},
journal = {Int. J. Eng. Appl. Sci.}
}

@inproceedings{Facial_expression_change_detection_algorithm_using_optical_flow_technique,
author = {Zainudin, Norulzahrah and Ramli, Suzaimah and Tan Zizi, Tuan and Hasbullah, Nor and Ibrahim, Norazlin},
year = {2015},
month = {12},
pages = {332-335},
title = {Facial expression change detection algorithm using optical flow technique},
doi = {10.1109/ICITST.2015.7412115}
}

@article{Real-time_motion_tracking_using_optical_flow_on_multiple_GPUs,
author = {Mahmoudi, Sidi and Kierzynka, Micha≈Ç and Manneback, Pierre and Kurowski, Krzysztof},
year = {2014},
month = {03},
pages = {139-150},
title = {Real-time motion tracking using optical flow on multiple GPUs},
volume = {62},
journal = {Bulletin of the Polish Academy of Sciences, Technical Sciences},
doi = {10.2478/bpasts-2014-0016}
}

@article{barronperformance,
  title={Performance of Optical Flow Techniques},
  author={Barron, JL and Fleet, DJ and Beauchemin, SS}
}